@online{nivdiaCuda,
  title = {CUDA C++ Programming Guide},
  url = {https://docs.nvidia.com/cuda/cuda-c-programming-guide/index.html#},
  organization = {Nvidia},
  urldate = {2025-07-22},
}

@online{gpuVsCpu,
  title = {CPU vs GPU: How They Work and When to Use Them},
  url = {https://www.datacamp.com/blog/cpu-vs-gpu},
  organization = {datacamp},
  urldate = {2025-07-22},
}

@online{whatIsCuda,
  title = {What Is CUDA?},
  author = {Fred Oh},
  url = {https://blogs.nvidia.com/blog/what-is-cuda-2/},
  date = {2012-10-09},
  organization = {Nvidia},
  urldate = {2025-07-22},
}
